%YAML 1.1
%TAG !u! tag:unity3d.com,2011:
--- !u!1 &100000
GameObject:
  m_ObjectHideFlags: 0
  m_PrefabParentObject: {fileID: 0}
  m_PrefabInternal: {fileID: 100100000}
  serializedVersion: 4
  m_Component:
  - 4: {fileID: 400000}
  - 33: {fileID: 3300000}
  - 23: {fileID: 2300000}
  - 54: {fileID: 5400000}
  - 114: {fileID: 11400000}
  - 114: {fileID: 11400002}
  - 135: {fileID: 13500000}
  - 114: {fileID: 11400006}
  - 65: {fileID: 6500000}
  m_Layer: 13
  m_Name: Egg
  m_TagString: Ingredient
  m_Icon: {fileID: 0}
  m_NavMeshLayer: 0
  m_StaticEditorFlags: 0
  m_IsActive: 1
--- !u!4 &400000
Transform:
  m_ObjectHideFlags: 1
  m_PrefabParentObject: {fileID: 0}
  m_PrefabInternal: {fileID: 100100000}
  m_GameObject: {fileID: 100000}
  m_LocalRotation: {x: 0, y: 0, z: 0, w: 1}
  m_LocalPosition: {x: .266860008, y: 4.95830011, z: .50424999}
  m_LocalScale: {x: .5, y: .5, z: .5}
  m_Children: []
  m_Father: {fileID: 0}
  m_RootOrder: 0
--- !u!23 &2300000
Renderer:
  m_ObjectHideFlags: 1
  m_PrefabParentObject: {fileID: 0}
  m_PrefabInternal: {fileID: 100100000}
  m_GameObject: {fileID: 100000}
  m_Enabled: 1
  m_CastShadows: 1
  m_ReceiveShadows: 1
  m_LightmapIndex: 255
  m_LightmapTilingOffset: {x: 1, y: 1, z: 0, w: 0}
  m_Materials:
  - {fileID: 2100000, guid: a8dcffa04bfc9ea4c8c49578382e579d, type: 2}
  - {fileID: 2100000, guid: 059822787f481c0478ef650e0fea073d, type: 2}
  - {fileID: 2100000, guid: 11cdacdfc078bb644a3be99667d862c3, type: 2}
  - {fileID: 2100000, guid: a8dcffa04bfc9ea4c8c49578382e579d, type: 2}
  m_SubsetIndices: 
  m_StaticBatchRoot: {fileID: 0}
  m_UseLightProbes: 0
  m_LightProbeAnchor: {fileID: 0}
  m_ScaleInLightmap: 1
  m_SortingLayerID: 0
  m_SortingOrder: 0
--- !u!33 &3300000
MeshFilter:
  m_ObjectHideFlags: 1
  m_PrefabParentObject: {fileID: 0}
  m_PrefabInternal: {fileID: 100100000}
  m_GameObject: {fileID: 100000}
  m_Mesh: {fileID: 4300000, guid: 9cb7828c49e33c54e98bfafbeda32832, type: 3}
--- !u!54 &5400000
Rigidbody:
  m_ObjectHideFlags: 1
  m_PrefabParentObject: {fileID: 0}
  m_PrefabInternal: {fileID: 100100000}
  m_GameObject: {fileID: 100000}
  serializedVersion: 2
  m_Mass: 1
  m_Drag: 0
  m_AngularDrag: .0500000007
  m_UseGravity: 1
  m_IsKinematic: 0
  m_Interpolate: 2
  m_Constraints: 0
  m_CollisionDetection: 2
--- !u!65 &6500000
BoxCollider:
  m_ObjectHideFlags: 1
  m_PrefabParentObject: {fileID: 0}
  m_PrefabInternal: {fileID: 100100000}
  m_GameObject: {fileID: 100000}
  m_Material: {fileID: 0}
  m_IsTrigger: 0
  m_Enabled: 1
  serializedVersion: 2
  m_Size: {x: .265994489, y: .125741333, z: .241808474}
  m_Center: {x: -.0140752792, y: .0521965027, z: .0035353899}
--- !u!114 &11400000
MonoBehaviour:
  m_ObjectHideFlags: 1
  m_PrefabParentObject: {fileID: 0}
  m_PrefabInternal: {fileID: 100100000}
  m_GameObject: {fileID: 100000}
  m_Enabled: 1
  m_EditorHideFlags: 0
  m_Script: {fileID: 11500000, guid: 4d1b48060a20c8b4183447d1b0ec1dcf, type: 3}
  m_Name: 
  m_EditorClassIdentifier: 
  _color: {r: .862069011, g: 1, b: 0, a: 1}
  _ratio: 1.29999995
  _material: {fileID: 2100000, guid: 45adccee38cae9d42a354525f8bd6532, type: 2}
  _progress: 0
  _highlightProgressAxis: 0
--- !u!114 &11400002
MonoBehaviour:
  m_ObjectHideFlags: 1
  m_PrefabParentObject: {fileID: 0}
  m_PrefabInternal: {fileID: 100100000}
  m_GameObject: {fileID: 100000}
  m_Enabled: 1
  m_EditorHideFlags: 0
  m_Script: {fileID: 11500000, guid: 1bfff143b22e3a34fa00537ca62feb9b, type: 3}
  m_Name: 
  m_EditorClassIdentifier: 
  _prefabParticle: {fileID: 100002, guid: 0efc808dff19aa14084e90398c1bad21, type: 2}
  _meshs:
  - _mesh: {fileID: 4300000, guid: 9cb7828c49e33c54e98bfafbeda32832, type: 3}
    _materials:
    - {fileID: 2100000, guid: a8dcffa04bfc9ea4c8c49578382e579d, type: 2}
    - {fileID: 2100000, guid: 8ab89012d200aa74e873233b19998a7e, type: 2}
    - {fileID: 2100000, guid: a31a484a4196a694e87237088ee8b8a5, type: 2}
    _boxCollider: 0
  - _mesh: {fileID: 4300000, guid: fb9432fa45649034d8d37c575efc61c2, type: 3}
    _materials:
    - {fileID: 2100000, guid: 059822787f481c0478ef650e0fea073d, type: 2}
    - {fileID: 2100000, guid: 11cdacdfc078bb644a3be99667d862c3, type: 2}
    _boxCollider: 0
  - _mesh: {fileID: 4300000, guid: 40ef40054f56a8e4c9ad92630bf7a720, type: 3}
    _materials:
    - {fileID: 2100000, guid: 059822787f481c0478ef650e0fea073d, type: 2}
    - {fileID: 2100000, guid: 11cdacdfc078bb644a3be99667d862c3, type: 2}
    _boxCollider: 1
  m_tableInteraction: 1
--- !u!114 &11400006
MonoBehaviour:
  m_ObjectHideFlags: 1
  m_PrefabParentObject: {fileID: 0}
  m_PrefabInternal: {fileID: 100100000}
  m_GameObject: {fileID: 100000}
  m_Enabled: 1
  m_EditorHideFlags: 0
  m_Script: {fileID: 11500000, guid: 406470aad61e91e41970a4574a966bd0, type: 3}
  m_Name: 
  m_EditorClassIdentifier: 
  _inBasket: 1
  _indexInSteps: 0
  _forceInWorkspace: 0
  _sliceType: 0
  _bumpCurve:
    serializedVersion: 2
    m_Curve: []
    m_PreInfinity: 2
    m_PostInfinity: 2
  _bumpStartPosition: {x: 0, y: 0, z: 0}
  _startCuttingTime: 0
--- !u!135 &13500000
SphereCollider:
  m_ObjectHideFlags: 1
  m_PrefabParentObject: {fileID: 0}
  m_PrefabInternal: {fileID: 100100000}
  m_GameObject: {fileID: 100000}
  m_Material: {fileID: 0}
  m_IsTrigger: 0
  m_Enabled: 1
  serializedVersion: 2
  m_Radius: .100000001
  m_Center: {x: -3.7252903e-09, y: 0, z: 3.7252903e-09}
--- !u!1001 &100100000
Prefab:
  m_ObjectHideFlags: 1
  serializedVersion: 2
  m_Modification:
    m_TransformParent: {fileID: 0}
    m_Modifications: []
    m_RemovedComponents: []
  m_ParentPrefab: {fileID: 0}
  m_RootGameObject: {fileID: 100000}
  m_IsPrefabParent: 1
  m_IsExploded: 1
